@misc{nasa2014srtm1sdem,
  author={{NASA LP DAAC}},
  title={SRTM 1 Arc-Second Global},
  year={2000},
  address={NASA EOSDIS Land Processes DAAC, USGS Earth Resources Observation and Science (EROS) Center, Sioux Falls, South Dakota},
  howpublished={\url{https://earthexplorer.usgs.gov/}},
  note={published September 2014, accessed May 2016}
}
@article{bishop1995drainage,
  title={Drainage rearrangement by river capture, beheading and diversion},
  author={Bishop, Paul},
  journal={Progress in physical geography},
  volume={19},
  number={4},
  pages={449--473},
  year={1995},
  publisher={Sage Publications Sage CA: Thousand Oaks, CA}
}
@article{sun2007fast,
  title={Fast and effective feature-preserving mesh denoising},
  author={Sun, Xianfang and Rosin, Paul and Martin, Ralph and Langbein, Frank},
  journal={IEEE Transactions on Visualization \& Computer Graphics},
  number={5},
  pages={925--938},
  year={2007},
  publisher={IEEE}
}
@book{andoh2010kansha,
  title={Kansha: Celebrating Japan's Vegan and Vegetarian Traditions},
  author={Andoh, Elizabeth},
  year={2010},
  publisher={Random House Digital, Inc.}
}

@book{pena1996introduccion,
  title={Introducci{\'o}n al estudio de los insectos de Chile},
  author={Pe{\~n}a, Luis E},
  year={1996},
  publisher={Editorial Universitaria}
}

@article{fernandez2004lista,
  title={Lista sinon{\'\i}mica de las hormigas neotropicales (Hymenoptera: Formicidae)},
  author={Fern{\'a}ndez, Fernando and Sendoya, Sebasti{\'a}n},
  journal={Biota Colombiana},
  volume={5},
  number={1},
  year={2004}
}